@book{JSGood,
    title={{J}ava{S}cript: {T}he {G}ood {P}arts},
    author={Douglas Crockford},
    year={2008},
    publisher={O'Reilly Media},
    edition={1st},
    pages={176}
}

@book{JSProto,
    title={{Y}ou {D}on't {K}now \text{JS}: this & {O}bject {P}rototypes},
    author={Kyle Simpson},
    year={2014},
    publisher={O'Reilly Media},
    edition={1st},
    pages={174}
}
